@inproceedings{guiver2009bayesian,
  title={Bayesian inference for Plackett-Luce ranking models},
  author={Guiver, John and Snelson, Edward},
  booktitle={proceedings of the 26th annual international conference on machine learning},
  pages={377--384},
  year={2009}
}
@article{caron2014bayesian,
  title={Bayesian nonparametric Plackett--Luce models for the analysis of preferences for college degree programmes},
  author={Caron, Francois and Teh, Yee Whye and Murphy, Thomas Brendan},
  year={2014}
}
@article{maystre2015fast,
  title={Fast and accurate inference of Plackett--Luce models},
  author={Maystre, Lucas and Grossglauser, Matthias},
  journal={Advances in neural information processing systems},
  volume={28},
  year={2015}
}
@article{turner2020modelling,
  title={Modelling rankings in R: the PlackettLuce package},
  author={Turner, Heather L and van Etten, Jacob and Firth, David and Kosmidis, Ioannis},
  journal={Computational Statistics},
  volume={35},
  number={3},
  pages={1027--1057},
  year={2020},
  publisher={Springer}
}
@article{MBao,
  title={An Exponential Model for Infinite Rankings.},
  author={Meila, Marina and Bao, Le},
  journal={J. Mach. Learn. Res.},
  volume={11},
  pages={3481--3518},
  year={2010}
}
@article{Stanley,
  title={Enumerative Combinatorics Volume 1 second edition},
  author={Stanley, Richard P},
  journal={Cambridge studies in advanced mathematics},
  year={2011}
}
@article{fligner:86,
  title={Distance based ranking models},
  author={Fligner, Michael A and Verducci, Joseph S},
  journal={Journal of the Royal Statistical Society: Series B (Methodological)},
  volume={48},
  number={3},
  pages={359--369},
  year={1986},
  publisher={Wiley Online Library}
}
